%% This BibTeX bibliography file was created using BibDesk.
%% http://bibdesk.sourceforge.net/

%% Created for Simon Symhoven at 2020-03-22 13:42:02 +0100 


%% Saved with string encoding Unicode (UTF-8) 

@misc{ Nobody06,
       author = "Nobody Jr",
       title = "My Article",
       year = "2006" }
